<?xml version="1.0" encoding="UTF-8"?><collection xmlns="http://www.loc.gov/MARC21/slim"><record><leader>00470nam--2200133-i-4500</leader><controlfield tag="001">000039686</controlfield><controlfield tag="002">20161230</controlfield><controlfield tag="005">20161230201042</controlfield><controlfield tag="008">060222s1000------------r-----000-0-eng-d</controlfield><datafield ind1=" " ind2=" " tag="100"><subfield code="a">Rowland,F.S</subfield></datafield><datafield ind1=" " ind2=" " tag="245"><subfield code="a">A program of research in radiochemistry and radiation chemistry based on a small nuclear reactor</subfield></datafield><datafield ind1=" " ind2=" " tag="260"><subfield code="a">Lawrence, Univ.Of Kansas, 1961. 21  P. + 2 Fig</subfield></datafield><datafield ind1=" " ind2=" " tag="490"><subfield code="a">Symposium On The Programming And Utilization Of Research Reactor, Vienna, 1961</subfield></datafield><datafield ind1=" " ind2=" " tag="852"><subfield code="a">16961</subfield></datafield></record></collection>